<?xml version="1.0" encoding="UTF-8"?><collection xmlns="http://www.loc.gov/MARC21/slim"><record><leader>00452nam--2200133-i-4500</leader><controlfield tag="001">000039657</controlfield><controlfield tag="002">20161230</controlfield><controlfield tag="005">20161230201042</controlfield><controlfield tag="008">060222s1000------------r-----000-0-eng-d</controlfield><datafield ind1=" " ind2=" " tag="100"><subfield code="a">Rossillon, F</subfield></datafield><datafield ind1=" " ind2=" " tag="245"><subfield code="a">Caracteristiques de fonctionnement et utilisation du reacteur `mesuline`</subfield></datafield><datafield ind1=" " ind2=" " tag="260"><subfield code="a">Grenoble, Centre D`Etudes Nucleaires, 1961, 21p</subfield></datafield><datafield ind1=" " ind2=" " tag="490"><subfield code="a">Colloqe Aiea Sur Les Programmes D`Utilisation Des Piles De Recherche, Vienne, 1961</subfield></datafield><datafield ind1=" " ind2=" " tag="852"><subfield code="a">16903</subfield></datafield></record></collection>